<?xml version="1.0" encoding="UTF-8"?><collection xmlns="http://www.loc.gov/MARC21/slim"><record><leader>00427nam--2200181-u-4500</leader><controlfield tag="001">000056057</controlfield><controlfield tag="002">20161230</controlfield><controlfield tag="005">20161230201052</controlfield><controlfield tag="008">141204s1000------------r-----000-0-rus-d</controlfield><datafield ind1=" " ind2=" " tag="040"><subfield code="a">IFIN-HH</subfield></datafield><datafield ind1=" " ind2=" " tag="041"><subfield code="a">rus</subfield></datafield><datafield ind1=" " ind2=" " tag="080"><subfield code="a">52-337</subfield></datafield><datafield ind1="1" ind2=" " tag="100"><subfield code="a">Vainstein, S.I</subfield></datafield><datafield ind1="1" ind2="0" tag="245"><subfield code="a">Magnitnie polia v kosmose</subfield><subfield code="c">S.i. vainstein</subfield></datafield><datafield ind1=" " ind2=" " tag="260"><subfield code="a">Moskva</subfield><subfield code="b">Nauka</subfield><subfield code="c">1983</subfield></datafield><datafield ind1=" " ind2=" " tag="300"><subfield code="a">236P</subfield></datafield><datafield ind1=" " ind2=" " tag="852"><subfield code="a">71600</subfield><subfield code="c">523</subfield></datafield><datafield ind1=" " ind2=" " tag="CAT"><subfield code="a">Sys</subfield><subfield code="c">20141204</subfield><subfield code="h">184248</subfield></datafield></record></collection>